<?xml version="1.0" encoding="UTF-8"?><record xmlns="http://www.loc.gov/MARC21/slim" xmlns:cinclude="http://apache.org/cocoon/include/1.0" xmlns:zs="http://www.loc.gov/zing/srw/">
  <leader>00597cz  a2200133n  4500</leader>
  <controlfield tag="001">n  79071800 </controlfield>
  <controlfield tag="003">DLC</controlfield>
  <controlfield tag="005">19930505092303.0</controlfield>
  <controlfield tag="008">790626n| acannaab|          |a ana |||  </controlfield>
  <datafield tag="010" ind1=" " ind2=" ">
    <subfield code="a">n  79071800 </subfield>
  </datafield>
  <datafield tag="040" ind1=" " ind2=" ">
    <subfield code="a">DLC</subfield>
    <subfield code="c">DLC</subfield>
    <subfield code="d">DLC</subfield>
  </datafield>
  <datafield tag="110" ind1="2" ind2="0">
    <subfield code="a">Church of Scientology Ministry of Public Relations (Hollywood, Los Angeles, Calif.)</subfield>
  </datafield>
  <datafield tag="410" ind1="2" ind2="0">
    <subfield code="a">Church of Scientology Ministry of Public Information (Hollywood, Los Angeles, Calif.)</subfield>
  </datafield>
  <datafield tag="670" ind1=" " ind2=" ">
    <subfield code="a">The Dossier disease, c1979 :</subfield>
    <subfield code="b">t.p. (Church of Scientology Ministry of Public Relations) colophon (Church of Scientology Ministry of Public Information, Hollywood, Calif.)</subfield>
  </datafield>
</record>